<?xml version="1.0" encoding="UTF-8"?><collection xmlns="http://www.loc.gov/MARC21/slim"><record><leader>00662nam--2200181-i-4500</leader><controlfield tag="001">000035183</controlfield><controlfield tag="002">20161230</controlfield><controlfield tag="005">20161230201040</controlfield><controlfield tag="008">060222s1000------------r-----000-0-eng-d</controlfield><datafield ind1=" " ind2=" " tag="040"><subfield code="a">IFIN-HH</subfield></datafield><datafield ind1=" " ind2=" " tag="080"><subfield code="a">621.384.6:539.12</subfield></datafield><datafield ind1="1" ind2=" " tag="100"><subfield code="a">Marion, Jerry B</subfield></datafield><datafield ind1="1" ind2="0" tag="245"><subfield code="a">Nuclear research with low energy accelerators</subfield><subfield code="b">Proceedings of the symposium on nulcear physics research with low energy accelerators held at the university of maryland, june 1967</subfield><subfield code="c">Jerry b. marion, douglas m. van patter (eds.)</subfield></datafield><datafield ind1="1" ind2="0" tag="260"><subfield code="a">New York</subfield><subfield code="b">Academic Press</subfield><subfield code="c">1967</subfield></datafield><datafield ind1=" " ind2=" " tag="300"><subfield code="a">XII+515P</subfield></datafield><datafield ind1="1" ind2=" " tag="700"><subfield code="a">Patter, Douglas M. Van</subfield><subfield code="e">Ed</subfield></datafield><datafield ind1=" " ind2=" " tag="852"><subfield code="a">8018</subfield><subfield code="c">539.17</subfield></datafield><datafield ind1=" " ind2=" " tag="CAT"><subfield code="a">Sys</subfield><subfield code="c">20120528</subfield><subfield code="h">155505</subfield></datafield></record></collection>